% AÃ±adidas el 25/04/2022
@misc{BGG,
	author = {colaboradores de Wikipedia},
	month  = {02},
	title  = {BoardGameGeek},
	url    = {https://es.wikipedia.org/wiki/BoardGameGeek},
	year   = {2021},
}

@misc{Biblioteca-Alejandria,
	author = {colaboradores de Wikipedia},
	month  = {04},
	title  = {Biblioteca de Alejandria},
	url    = {https://es.wikipedia.org/wiki/Biblioteca_de_Alejandr%C3%ADa},
	year   = {2022},
}

@misc{Discord,
	author = {colaboradores de Wikipedia},
	month  = {04},
	title  = {Discord},
	url    = {https://es.wikipedia.org/wiki/Discord},
	year   = {2022},
}
